; vim:ft=ledger
; vim:set tw=200
2025-01-01 * "MEDELA UK LTD           IRLAM, MANCHEST"
        Expenses:Health        49.00 GBP
        Assets:Bank:Amex

2025-01-01 * "BEST FOODS              WEMBLEY"
        Expenses:Groceries        54.50 GBP
        Assets:Bank:Amex

2025-01-01 * "DELIVEROO               LONDON"
        Expenses:Entertainment        22.10 GBP
        Assets:Bank:Amex

2025-01-01 * "OCADO                   HATFIELD"
        Expenses:Groceries        77.77 GBP
        Assets:Bank:Amex

2025-01-01 * "UBER TRIP               HTTPS://HELP.UB"
        Expenses:Transport        16.92 GBP
        Assets:Bank:Amex

2025-01-01 * "UBER TRIP               HTTPS://HELP.UB"
        Expenses:Transport        20.96 GBP
        Assets:Bank:Amex

2025-01-01 * "APPLE.COM/BILL          HOLLYHILL"
        Expenses:Utilities        9.99 GBP
        Assets:Bank:Amex

2025-01-01 * "DELIVEROO               LONDON"
        Expenses:Entertainment        27.24 GBP
        Assets:Bank:Amex

2025-01-01 * "NETFLIX.COM             18665797172"
        Expenses:Entertainment        5.99 GBP
        Assets:Bank:Amex

2025-01-01 * "TFL TRAVEL CHARGE       TFL.GOV.UK/CP"
        Expenses:Transport        8.00 GBP
        Assets:Bank:Amex

2025-01-01 * "APPLE.COM/BILL          HOLLYHILL"
        Expenses:Utilities        2.99 GBP
        Assets:Bank:Amex

2025-01-01 * "UBER TRIP               HTTPS://HELP.UB"
        Expenses:Transport        13.96 GBP
        Assets:Bank:Amex

2025-01-01 * "UBER TRIP               HTTPS://HELP.UB"
        Expenses:Transport        22.93 GBP
        Assets:Bank:Amex

2025-01-01 * "ALI*ALIEXPRESS Alipay   SINGAPORE"
        Expenses:Posessions        8.97 GBP
        Assets:Bank:Amex

2025-01-01 * "AMZNMKTPLACE*ZL9D35XA4  AMAZON.CO.UK"
        Expenses:Utilities        46.95 GBP
        Assets:Bank:Amex

2025-01-01 * "PAYMENT RECEIVED - THANK YOU"
        Liabilities:Amex:BACreditCard        -1873.44 GBP
        Assets:Bank:Amex

2025-01-01 * "DELIVEROO               LONDON"
        Expenses:Entertainment        38.34 GBP
        Assets:Bank:Amex

2025-01-01 * "UBER TRIP               HTTPS://HELP.UB"
        Expenses:Transport        19.91 GBP
        Assets:Bank:Amex

2025-01-01 * "DELIVEROO               LONDON"
        Expenses:Entertainment        17.49 GBP
        Assets:Bank:Amex

2025-01-01 * "OCADO                   HATFIELD"
        Expenses:Groceries        77.15 GBP
        Assets:Bank:Amex

2025-01-01 * "DELIVEROO               LONDON"
        Expenses:Entertainment        28.51 GBP
        Assets:Bank:Amex

2025-01-01 * "TFL TRAVEL CHARGE       TFL.GOV.UK/CP"
        Expenses:Transport        8.00 GBP
        Assets:Bank:Amex

2025-01-01 * "LEBARA MOBILE LIMITED   LONDON"
        Expenses:Utilities        4.50 GBP
        Assets:Bank:Amex

2025-01-01 * "TFL TRAVEL CHARGE       TFL.GOV.UK/CP"
        Expenses:Transport        3.70 GBP
        Assets:Bank:Amex

2025-01-01 * "UBER TRIP               HTTPS://HELP.UB"
        Expenses:Transport        5.96 GBP
        Assets:Bank:Amex

2025-01-01 * "UBER TRIP               HTTPS://HELP.UB"
        Expenses:Transport        23.94 GBP
        Assets:Bank:Amex

2025-01-01 * "AMAZON.CO.UK*0X5BN0KT5  AMAZON.CO.UK"
        Expenses:Utilities        15.00 GBP
        Assets:Bank:Amex

2025-01-01 * "CHARLES TYRWHITT SHIRTS LONDON"
        Expenses:Posessions        69.95 GBP
        Assets:Bank:Amex

2025-01-01 * "DELIVEROO               LONDON"
        Expenses:Entertainment        22.68 GBP
        Assets:Bank:Amex

2025-01-01 * "SP LAKSHMI STORES UK    DERBYSHIRE"
        Expenses:Groceries        41.71 GBP
        Assets:Bank:Amex

2025-01-01 * "DELIVEROO               LONDON"
        Expenses:Entertainment        18.44 GBP
        Assets:Bank:Amex

2025-01-01 * "AMAZON.CO.UK*0D0MO7B85  AMAZON.CO.UK"
        Expenses:Utilities        93.65 GBP
        Assets:Bank:Amex

2025-01-01 * "DELIVEROO               LONDON"
        Expenses:Entertainment        20.62 GBP
        Assets:Bank:Amex

2025-01-01 * "REDEMPTION ROASTERS KIN London"
        Expenses:Entertainment        4.59 GBP
        Assets:Bank:Amex

2025-01-01 * "TFL TRAVEL CHARGE       TFL.GOV.UK/CP"
        Expenses:Transport        6.80 GBP
        Assets:Bank:Amex

2025-01-01 * "DELIVEROO               LONDON"
        Expenses:Entertainment        10.48 GBP
        Assets:Bank:Amex

2025-01-01 * "OCADO                   HATFIELD"
        Expenses:Groceries        75.30 GBP
        Assets:Bank:Amex

2025-01-01 * "DELIVEROO               LONDON"
        Expenses:Entertainment        14.94 GBP
        Assets:Bank:Amex

2025-01-01 * "DELIVEROO PLUS - UK     LONDON"
        Expenses:Entertainment        7.99 GBP
        Assets:Bank:Amex

2025-01-01 * "AMAZON.CO.UK*I16C463F5  AMAZON.CO.UK"
        Expenses:Utilities        399.00 GBP
        Assets:Bank:Amex

2025-01-01 * "AMZNMKTPLACE*C94SW7Z35  AMAZON.CO.UK"
        Expenses:Utilities        31.99 GBP
        Assets:Bank:Amex

2025-01-01 * "DISNEY PLUS             HAMMERSMITH, LO"
        Expenses:Utilities        9.99 GBP
        Assets:Bank:Amex

2025-01-01 * "TFL TRAVEL CHARGE       TFL.GOV.UK/CP"
        Expenses:Transport        3.75 GBP
        Assets:Bank:Amex

2025-01-01 * "AMAZON.CO.UK*GR6VT19Y5  353-12477661"
        Expenses:Utilities        8.99 GBP
        Assets:Bank:Amex

2025-01-01 * "DELIVEROO               LONDON"
        Expenses:Entertainment        28.51 GBP
        Assets:Bank:Amex

2025-01-01 * "JOHN LEWIS DIRECT       LONDON"
        Expenses:Posessions        199.00 GBP
        Assets:Bank:Amex

2025-01-01 * "DELIVEROO               LONDON"
        Expenses:Entertainment        35.34 GBP
        Assets:Bank:Amex

2025-01-01 * "OCADO                   HATFIELD"
        Expenses:Groceries        65.40 GBP
        Assets:Bank:Amex

2025-01-01 * "UBER TRIP               HTTPS://HELP.UB"
        Expenses:Transport        28.92 GBP
        Assets:Bank:Amex

2025-01-01 * "UBER TRIP               HTTPS://HELP.UB"
        Expenses:Transport        37.98 GBP
        Assets:Bank:Amex

2025-01-01 * "DELIVEROO               LONDON"
        Expenses:Entertainment        18.34 GBP
        Assets:Bank:Amex

2025-01-01 * "ROYAL FREE HOSPITAL     LONDON"
        Expenses:Health        14.50 GBP
        Assets:Bank:Amex

2025-01-01 * "SP ALLBIRDS UK          LONDON"
        Expenses:Posessions        -125.00 GBP
        Assets:Bank:Amex

2025-01-01 * "SP ALLBIRDS UK          LONDON"
        Expenses:Posessions        -125.00 GBP
        Assets:Bank:Amex

2025-01-01 * "UBER TRIP               HTTPS://HELP.UB"
        Expenses:Transport        14.05 GBP
        Assets:Bank:Amex

2025-01-01 * "UBER TRIP               HTTPS://HELP.UB"
        Expenses:Transport        20.06 GBP
        Assets:Bank:Amex

2025-01-01 * "AMAZON.CO.UK*S38011XB5  AMAZON.CO.UK"
        Expenses:Utilities        6.25 GBP
        Assets:Bank:Amex

2025-01-01 * "AMAZON.CO.UK*XK6H54ZC5  AMAZON.CO.UK"
        Expenses:Utilities        11.49 GBP
        Assets:Bank:Amex

2025-01-01 * "WIKIPEDIA GIFT          SAN FRANCISCO"
        Expenses:Donations        3.10 GBP
        Assets:Bank:Amex

2025-01-01 * "AMAZON.CO.UK*QZ3383905  AMAZON.CO.UK"
        Expenses:Utilities        7.44 GBP
        Assets:Bank:Amex

2025-01-01 * "AMZNMKTPLACE*KQ4OG47J5  AMAZON.CO.UK"
        Expenses:Utilities        116.99 GBP
        Assets:Bank:Amex

2025-01-01 * "AMZNMKTPLACE*R03IO9H45  AMAZON.CO.UK"
        Expenses:Utilities        17.99 GBP
        Assets:Bank:Amex

2025-01-01 * "DELIVEROO               LONDON"
        Expenses:Entertainment        13.99 GBP
        Assets:Bank:Amex

2025-01-01 * "DELIVEROO               LONDON"
        Expenses:Entertainment        24.75 GBP
        Assets:Bank:Amex

2025-01-01 * "HPI INSTANT INK UK      WWW.HP.COM"
        Expenses:Utilities        1.79 GBP
        Assets:Bank:Amex

2025-01-01 * "SP LAKSHMI STORES UK    DERBYSHIRE"
        Expenses:Groceries        43.82 GBP
        Assets:Bank:Amex

2025-01-01 * "AMAZON.CO.UK*WU9LN4KE5  AMAZON.CO.UK"
        Expenses:Utilities        88.02 GBP
        Assets:Bank:Amex

2025-01-01 * "UBER TRIP               HTTPS://HELP.UB"
        Expenses:Transport        7.03 GBP
        Assets:Bank:Amex

2025-01-01 * "UBER TRIP               HTTPS://HELP.UB"
        Expenses:Transport        8.85 GBP
        Assets:Bank:Amex

2025-01-01 * "MEDELA UK LTD           IRLAM, MANCHEST"
        Expenses:Health        49.00 GBP
        Assets:Bank:Amex

2025-01-01 * "AMAZON.CO.UK*5M4AW2G05  353-12477661"
        Expenses:Utilities        4.39 GBP
        Assets:Bank:Amex

2025-01-01 * "OCADO                   HATFIELD"
        Expenses:Groceries        76.74 GBP
        Assets:Bank:Amex

2025-01-01 * "AMAZON.CO.UK*QH24Z4CM5  AMAZON.CO.UK"
        Expenses:Utilities        12.38 GBP
        Assets:Bank:Amex

2025-01-01 * "DELIVEROO               LONDON"
        Expenses:Entertainment        23.74 GBP
        Assets:Bank:Amex

2025-01-01 * "SP LAKSHMI STORES UK    DERBYSHIRE"
        Expenses:Groceries        40.88 GBP
        Assets:Bank:Amex

2025-01-01 * "AMAZON.CO.UK*VU2DZ5X55  AMAZON.CO.UK"
        Expenses:Utilities        19.68 GBP
        Assets:Bank:Amex

2025-01-01 * "AMZNMKTPLACE*ML5K33K05  AMAZON.CO.UK"
        Expenses:Utilities        144.55 GBP
        Assets:Bank:Amex

2025-01-01 * "APPLE.COM/BILL          HOLLYHILL"
        Expenses:Utilities        2.99 GBP
        Assets:Bank:Amex

2025-01-01 * "DELIVEROO               LONDON"
        Expenses:Entertainment        13.96 GBP
        Assets:Bank:Amex

2025-01-01 * "DELIVEROO               LONDON"
        Expenses:Entertainment        14.94 GBP
        Assets:Bank:Amex

2025-01-01 * "AMZNMKTPLACE*6H59T2U25  AMAZON.CO.UK"
        Expenses:Utilities        41.47 GBP
        Assets:Bank:Amex

2025-01-01 * "GAIL'S KINGS CROSS      LONDON"
        Expenses:Entertainment        17.30 GBP
        Assets:Bank:Amex

2025-01-01 * "OCADO                   HATFIELD"
        Expenses:Groceries        53.35 GBP
        Assets:Bank:Amex

2025-01-01 * "PAYMENT RECEIVED - THANK YOU"
        Liabilities:Amex:BACreditCard        -2626.50 GBP
        Assets:Bank:Amex

2025-01-01 * "AMAZON PRIME*3C9T55T15  AMZN.CO.UK/PM"
        Expenses:Utilities        8.99 GBP
        Assets:Bank:Amex

2025-01-01 * "LUL TICKET MACHINE LUL  -"
        Expenses:Transport        45.00 GBP
        Assets:Bank:Amex

2025-01-01 * "SP ALLBIRDS UK          LONDON"
        Expenses:Posessions        -125.00 GBP
        Assets:Bank:Amex

2025-01-01 * "TFL TRAVEL CHARGE       TFL.GOV.UK/CP"
        Expenses:Transport        3.40 GBP
        Assets:Bank:Amex

2025-01-01 * "AMAZON.CO.UK*ZN8BU15E4  AMAZON.CO.UK"
        Expenses:Utilities        10.20 GBP
        Assets:Bank:Amex

2025-01-01 * "SP ALLBIRDS UK          LONDON"
        Expenses:Posessions        -125.00 GBP
        Assets:Bank:Amex

2025-01-01 * "SP CDL-GROUP LLC        USINGEN"
        Expenses:Posessions        55.20 GBP
        Assets:Bank:Amex

2025-01-01 * "AMAZON.CO.UK*XN3HJ15O5  AMAZON.CO.UK"
        Expenses:Utilities        19.68 GBP
        Assets:Bank:Amex

2025-01-01 * "DELIVEROO               LONDON"
        Expenses:Entertainment        20.62 GBP
        Assets:Bank:Amex

2025-01-01 * "LEBARA MOBILE LIMITED   LONDON"
        Expenses:Utilities        4.50 GBP
        Assets:Bank:Amex

2025-01-01 * "SP ALLBIRDS UK          LONDON"
        Expenses:Posessions        125.00 GBP
        Assets:Bank:Amex

2025-01-01 * "SP CLAIR DE LUNE        MANCHESTER"
        Expenses:Posessions        34.94 GBP
        Assets:Bank:Amex

2025-01-01 * "AMAZON.CO.UK*ZN89L1334  AMAZON.CO.UK"
        Expenses:Utilities        24.99 GBP
        Assets:Bank:Amex

2025-01-01 * "OCADO                   HATFIELD"
        Expenses:Groceries        55.90 GBP
        Assets:Bank:Amex

2025-01-01 * "TFL TRAVEL CHARGE       TFL.GOV.UK/CP"
        Expenses:Transport        6.80 GBP
        Assets:Bank:Amex

2025-01-01 * "AMZNMKTPLACE*VU1GJ8V15  AMAZON.CO.UK"
        Expenses:Utilities        147.98 GBP
        Assets:Bank:Amex

2025-01-01 * "SP ALLBIRDS UK          LONDON"
        Expenses:Posessions        125.00 GBP
        Assets:Bank:Amex

2025-01-01 * "SP ALLBIRDS UK          LONDON"
        Expenses:Posessions        125.00 GBP
        Assets:Bank:Amex

2025-01-01 * "TFL TRAVEL CHARGE       TFL.GOV.UK/CP"
        Expenses:Transport        8.00 GBP
        Assets:Bank:Amex

2025-01-01 * "UBER TRIP               HTTPS://HELP.UB"
        Expenses:Transport        12.64 GBP
        Assets:Bank:Amex

2025-01-01 * "DOJO*HENDON INTERNATION LONDON"
        DOJO*HENDON INTERNATION LONDON        8.51 GBP
        Assets:Bank:Amex

2025-01-01 * "OCADO                   HATFIELD"
        Expenses:Groceries        4.99 GBP
        Assets:Bank:Amex

2025-01-01 * "SP ALLBIRDS UK          LONDON"
        Expenses:Posessions        -515.00 GBP
        Assets:Bank:Amex

2025-01-01 * "TFL TRAVEL CHARGE       TFL.GOV.UK/CP"
        Expenses:Transport        1.75 GBP
        Assets:Bank:Amex

2025-01-01 * "UBER TRIP               HTTPS://HELP.UB"
        Expenses:Transport        14.45 GBP
        Assets:Bank:Amex

2025-01-01 * "UBER TRIP               HTTPS://HELP.UB"
        Expenses:Transport        17.12 GBP
        Assets:Bank:Amex

2025-01-01 * "SP LAKSHMI STORES UK    DERBYSHIRE"
        Expenses:Groceries        47.32 GBP
        Assets:Bank:Amex

2025-01-01 * "AMZNMKTPLACE*QV7SV8565  AMAZON.CO.UK"
        Expenses:Utilities        8.00 GBP
        Assets:Bank:Amex

2025-01-01 * "APPLE.COM/BILL          HOLLYHILL"
        Expenses:Utilities        6.99 GBP
        Assets:Bank:Amex

2025-01-01 * "DELIVEROO               LONDON"
        Expenses:Entertainment        22.94 GBP
        Assets:Bank:Amex

2025-01-01 * "DELIVEROO               LONDON"
        Expenses:Entertainment        28.87 GBP
        Assets:Bank:Amex

2025-01-01 * "TFL TRAVEL CHARGE       TFL.GOV.UK/CP"
        Expenses:Transport        1.75 GBP
        Assets:Bank:Amex

2025-01-01 * "DELIVEROO               LONDON"
        Expenses:Entertainment        22.53 GBP
        Assets:Bank:Amex

2025-01-01 * "DELIVEROO               LONDON"
        Expenses:Entertainment        22.94 GBP
        Assets:Bank:Amex

2025-01-01 * "DELIVEROO PLUS - UK     LONDON"
        Expenses:Entertainment        7.99 GBP
        Assets:Bank:Amex

2025-01-01 * "NEXT ONLINE NEXT APPLEP UNITED KINGDOM"
        Expenses:Utilities        31.95 GBP
        Assets:Bank:Amex

2025-01-01 * "SP NEARLY NEW CASHME    RIPON"
        Expenses:Posessions        74.85 GBP
        Assets:Bank:Amex

2025-01-01 * "TFL TRAVEL CHARGE       TFL.GOV.UK/CP"
        Expenses:Transport        8.00 GBP
        Assets:Bank:Amex

2025-01-01 * "SP ALLBIRDS UK          LONDON"
        Expenses:Posessions        640.00 GBP
        Assets:Bank:Amex

2025-01-01 * "OCADO                   HATFIELD"
        Expenses:Groceries        76.60 GBP
        Assets:Bank:Amex

2025-01-01 * "DELIVEROO               LONDON"
        Expenses:Entertainment        18.02 GBP
        Assets:Bank:Amex

2025-01-01 * "DELIVEROO               LONDON"
        Expenses:Entertainment        18.23 GBP
        Assets:Bank:Amex

2025-01-01 * "SAINSBURY'S             COLINDALE"
        Expenses:Groceries        16.30 GBP
        Assets:Bank:Amex

2025-01-01 * "AMAZON.CO.UK*1C9VI88C5  AMAZON.CO.UK"
        Expenses:Utilities        9.99 GBP
        Assets:Bank:Amex

2025-01-01 * "DELIVEROO               LONDON"
        Expenses:Entertainment        15.03 GBP
        Assets:Bank:Amex

2025-01-01 * "DELIVEROO               LONDON"
        Expenses:Entertainment        28.30 GBP
        Assets:Bank:Amex

2025-01-01 * "UBER TRIP               HTTPS://HELP.UB"
        Expenses:Transport        8.48 GBP
        Assets:Bank:Amex

2025-01-01 * "UBER TRIP               HTTPS://HELP.UB"
        Expenses:Transport        9.64 GBP
        Assets:Bank:Amex

2025-01-01 * "WIKIPEDIA GIFT          SAN FRANCISCO"
        Expenses:Donations        3.10 GBP
        Assets:Bank:Amex

2025-01-01 * "AMZNMKTPLACE*0M82D6W45  AMAZON.CO.UK"
        Expenses:Utilities        20.15 GBP
        Assets:Bank:Amex

2025-01-01 * "AMZNMKTPLACE*VO0RB70U5  AMAZON.CO.UK"
        Expenses:Utilities        99.99 GBP
        Assets:Bank:Amex

2025-01-01 * "DELIVEROO               LONDON"
        Expenses:Entertainment        5.31 GBP
        Assets:Bank:Amex

2025-01-01 * "DELIVEROO               LONDON"
        Expenses:Entertainment        24.94 GBP
        Assets:Bank:Amex

2025-01-01 * "HPI INSTANT INK UK      WWW.HP.COM"
        Expenses:Utilities        6.29 GBP
        Assets:Bank:Amex

2025-01-01 * "IKEA UK                 IKEA"
        Expenses:Posessions        29.50 GBP
        Assets:Bank:Amex

2025-01-01 * "DELIVEROO               LONDON"
        Expenses:Entertainment        19.95 GBP
        Assets:Bank:Amex

2025-01-01 * "MEDELA UK LTD           IRLAM, MANCHEST"
        Expenses:Health        49.00 GBP
        Assets:Bank:Amex

2025-01-01 * "OCADO                   HATFIELD"
        Expenses:Groceries        74.80 GBP
        Assets:Bank:Amex

2025-01-01 * "SP LAKSHMI STORES UK    DERBYSHIRE"
        Expenses:Groceries        43.78 GBP
        Assets:Bank:Amex

2025-01-01 * "DELIVEROO               LONDON"
        Expenses:Entertainment        16.54 GBP
        Assets:Bank:Amex

2025-01-01 * "GENTLE HAIR DYE         IVYBRIDGE"
        Expenses:Utilities        24.85 GBP
        Assets:Bank:Amex

2025-01-01 * "AMZNMKTPLACE*J359M6CX5  AMAZON.CO.UK"
        Expenses:Utilities        25.98 GBP
        Assets:Bank:Amex

2025-01-01 * "AMZNMKTPLACE*U39SO3NG5  AMAZON.CO.UK"
        Expenses:Utilities        14.95 GBP
        Assets:Bank:Amex

2025-01-01 * "CHARLES TYRWHITT SHIRTS LONDON"
        Expenses:Posessions        164.85 GBP
        Assets:Bank:Amex

2025-01-01 * "DELIVEROO               LONDON"
        Expenses:Entertainment        14.94 GBP
        Assets:Bank:Amex

2025-01-01 * "AMZNMKTPLACE*G264X9VI5  AMAZON.CO.UK"
        Expenses:Utilities        25.89 GBP
        Assets:Bank:Amex

2025-01-01 * "APPLE.COM/BILL          HOLLYHILL"
        Expenses:Utilities        2.99 GBP
        Assets:Bank:Amex

2025-01-01 * "TFL TRAVEL CHARGE       TFL.GOV.UK/CP"
        Expenses:Transport        3.40 GBP
        Assets:Bank:Amex

2025-01-01 * "BEST FOODS              WEMBLEY"
        Expenses:Groceries        37.48 GBP
        Assets:Bank:Amex

2025-01-01 * "UBER TRIP               HTTPS://HELP.UB"
        Expenses:Transport        15.29 GBP
        Assets:Bank:Amex

2025-01-01 * "UBER TRIP               HTTPS://HELP.UB"
        Expenses:Transport        17.58 GBP
        Assets:Bank:Amex

2025-01-01 * "1164 Cherry Tree Walk   London"
        Expenses:Groceries        16.48 GBP
        Assets:Bank:Amex

2025-01-01 * "AMAZON.CO.UK*8U1YS1AZ5  AMAZON.CO.UK"
        Expenses:Utilities        8.09 GBP
        Assets:Bank:Amex

2025-01-01 * "DELIVEROO               LONDON"
        Expenses:Entertainment        15.52 GBP
        Assets:Bank:Amex

2025-01-01 * "OCADO                   HATFIELD"
        Expenses:Groceries        63.30 GBP
        Assets:Bank:Amex

2025-01-01 * "TFL TRAVEL CHARGE       TFL.GOV.UK/CP"
        Expenses:Transport        8.00 GBP
        Assets:Bank:Amex

2025-01-01 * "AMZNMKTPLACE*MA0XZ6P65  AMAZON.CO.UK"
        Expenses:Utilities        6.97 GBP
        Assets:Bank:Amex

2025-01-01 * "AMZNMKTPLACE*XP6M840B5  AMAZON.CO.UK"
        Expenses:Utilities        8.99 GBP
        Assets:Bank:Amex

2025-01-01 * "APPLE.COM/BILL          HOLLYHILL"
        Expenses:Utilities        1.99 GBP
        Assets:Bank:Amex

2025-01-01 * "DELIVEROO               LONDON"
        Expenses:Entertainment        17.49 GBP
        Assets:Bank:Amex

2025-01-01 * "DELIVEROO               LONDON"
        Expenses:Entertainment        19.32 GBP
        Assets:Bank:Amex

2025-01-01 * "AMAZON.CO.UK*4W8F37PM5  AMAZON.CO.UK"
        Expenses:Utilities        13.95 GBP
        Assets:Bank:Amex

2025-01-01 * "AMAZON.CO.UK*IC9TD8HJ5  AMAZON.CO.UK"
        Expenses:Utilities        37.41 GBP
        Assets:Bank:Amex

2025-01-01 * "AMZNMKTPLACE*ZW2YH2KZ5  AMAZON.CO.UK"
        Expenses:Utilities        9.04 GBP
        Assets:Bank:Amex

2025-01-01 * "DELIVEROO               LONDON"
        Expenses:Entertainment        19.08 GBP
        Assets:Bank:Amex

2025-01-01 * "DELIVEROO               LONDON"
        Expenses:Entertainment        31.79 GBP
        Assets:Bank:Amex

2025-01-01 * "PAYMENT RECEIVED - THANK YOU"
        Liabilities:Amex:BACreditCard        -1822.40 GBP
        Assets:Bank:Amex

2025-01-01 * "AMAZON PRIME*BD6G210E5  AMZN.CO.UK/PM"
        Expenses:Utilities        8.99 GBP
        Assets:Bank:Amex

2025-01-01 * "AMAZON.CO.UK*GG9IG7745  AMAZON.CO.UK"
        Expenses:Utilities        19.68 GBP
        Assets:Bank:Amex

2025-01-01 * "AMZNMKTPLACE*928DB72S5  AMAZON.CO.UK"
        Expenses:Utilities        19.88 GBP
        Assets:Bank:Amex

2025-01-01 * "TESCO STORE 5733 5733TE LONDON"
        Expenses:Groceries        5.65 GBP
        Assets:Bank:Amex

2025-01-01 * "IKEA UK                 IKEA"
        Expenses:Posessions        36.00 GBP
        Assets:Bank:Amex

2025-01-01 * "AMZNMKTPLACE*F11VQ61J5  AMAZON.CO.UK"
        Expenses:Utilities        39.27 GBP
        Assets:Bank:Amex

2025-01-01 * "LEBARA MOBILE LIMITED   LONDON"
        Expenses:Utilities        4.50 GBP
        Assets:Bank:Amex

2025-01-01 * "TESCO STORE 5733 5733TE LONDON"
        Expenses:Groceries        7.00 GBP
        Assets:Bank:Amex

2025-01-01 * "AMZNMKTPLACE*A76SW9315  AMAZON.CO.UK"
        Expenses:Utilities        43.61 GBP
        Assets:Bank:Amex

2025-01-01 * "DELIVEROO               LONDON"
        Expenses:Entertainment        45.39 GBP
        Assets:Bank:Amex

2025-01-01 * "IKEA LTD 141 WEMBLEY MA WEMBLEY"
        Expenses:Posessions        53.50 GBP
        Assets:Bank:Amex

2025-01-01 * "IKEA UK                 IKEA"
        Expenses:Posessions        -5.00 GBP
        Assets:Bank:Amex

2025-01-01 * "IKEA UK                 IKEA"
        Expenses:Posessions        -2.00 GBP
        Assets:Bank:Amex

2025-01-01 * "UBER TRIP               HTTPS://HELP.UB"
        Expenses:Transport        11.97 GBP
        Assets:Bank:Amex

2025-01-01 * "UBER TRIP               HTTPS://HELP.UB"
        Expenses:Transport        13.92 GBP
        Assets:Bank:Amex

2025-01-01 * "OCADO                   HATFIELD"
        Expenses:Groceries        56.51 GBP
        Assets:Bank:Amex

2025-01-01 * "DELIVEROO               LONDON"
        Expenses:Entertainment        33.34 GBP
        Assets:Bank:Amex

2025-01-01 * "UBER TRIP               HTTPS://HELP.UB"
        Expenses:Transport        7.94 GBP
        Assets:Bank:Amex

2025-01-01 * "UBER TRIP               HTTPS://HELP.UB"
        Expenses:Transport        7.94 GBP
        Assets:Bank:Amex

2025-01-01 * "AMZNMKTPLACE*5T5QL8J35  AMAZON.CO.UK"
        Expenses:Utilities        18.72 GBP
        Assets:Bank:Amex

2025-01-01 * "AMZNMKTPLACE*GA8R181K5  AMAZON.CO.UK"
        Expenses:Utilities        76.49 GBP
        Assets:Bank:Amex

2025-01-01 * "COSTA GOSWELL ROAD      LONDON EC1"
        Expenses:Entertainment        4.10 GBP
        Assets:Bank:Amex

2025-01-01 * "DELIVEROO               LONDON"
        Expenses:Entertainment        20.03 GBP
        Assets:Bank:Amex

2025-01-01 * "M&S LONDON OLD STREET   LONDON"
        Expenses:Groceries        9.05 GBP
        Assets:Bank:Amex

2025-01-01 * "TFL TRAVEL CHARGE       TFL.GOV.UK/CP"
        Expenses:Transport        7.90 GBP
        Assets:Bank:Amex

2025-01-01 * "BEST FOODS              WEMBLEY"
        Expenses:Groceries        56.98 GBP
        Assets:Bank:Amex

2025-01-01 * "UBER TRIP               HTTPS://HELP.UB"
        Expenses:Transport        16.99 GBP
        Assets:Bank:Amex

2025-01-01 * "UBER TRIP               HTTPS://HELP.UB"
        Expenses:Transport        18.97 GBP
        Assets:Bank:Amex

2025-01-01 * "AMAZON.CO.UK*Z81KK7A64  AMAZON.CO.UK"
        Expenses:Utilities        8.00 GBP
        Assets:Bank:Amex

2025-01-01 * "DELIVEROO               LONDON"
        Expenses:Entertainment        33.28 GBP
        Assets:Bank:Amex

2025-01-01 * "DELIVEROO PLUS - UK     LONDON"
        Expenses:Entertainment        7.99 GBP
        Assets:Bank:Amex

2025-01-01 * "MEMBERSHIP FEE"
        Expenses:Amex:Interest        300.00 GBP
        Assets:Bank:Amex

2025-01-01 * "SNAPPY SNAPS EDGWARE    Edgware"
        Expenses:Posessions        41.98 GBP
        Assets:Bank:Amex

2025-01-01 * "TFL TRAVEL CHARGE       TFL.GOV.UK/CP"
        Expenses:Transport        5.50 GBP
        Assets:Bank:Amex

2025-01-01 * "DELIVEROO               LONDON"
        Expenses:Entertainment        23.21 GBP
        Assets:Bank:Amex

2025-01-01 * "OCADO                   HATFIELD"
        Expenses:Groceries        77.10 GBP
        Assets:Bank:Amex

2025-01-01 * "SP BABY CENTRE          BOURNEMOUTH"
        Expenses:Posessions        425.00 GBP
        Assets:Bank:Amex

2025-01-01 * "TFL TRAVEL CHARGE       TFL.GOV.UK/CP"
        Expenses:Transport        1.75 GBP
        Assets:Bank:Amex

2025-01-01 * "AMAZON.CO.UK*ZT8KE4RM4  AMAZON.CO.UK"
        Expenses:Utilities        17.39 GBP
        Assets:Bank:Amex

2025-01-01 * "DELIVEROO               LONDON"
        Expenses:Entertainment        2.50 GBP
        Assets:Bank:Amex

2025-01-01 * "DELIVEROO               LONDON"
        Expenses:Entertainment        16.74 GBP
        Assets:Bank:Amex

2025-01-01 * "AMZNMKTPLACE*ZT23L2K04  AMAZON.CO.UK"
        Expenses:Utilities        10.99 GBP
        Assets:Bank:Amex

2025-01-01 * "DELIVEROO               LONDON"
        Expenses:Entertainment        22.97 GBP
        Assets:Bank:Amex

2025-01-01 * "HPI INSTANT INK UK      WWW.HP.COM"
        Expenses:Utilities        1.79 GBP
        Assets:Bank:Amex

2025-01-01 * "NETFLIX.COM             18665797172"
        Expenses:Entertainment        12.99 GBP
        Assets:Bank:Amex

2025-01-01 * "DELIVEROO               LONDON"
        Expenses:Entertainment        14.94 GBP
        Assets:Bank:Amex

2025-01-01 * "OCADO                   HATFIELD"
        Expenses:Groceries        62.77 GBP
        Assets:Bank:Amex

2025-01-01 * "DELIVEROO               LONDON"
        Expenses:Entertainment        23.90 GBP
        Assets:Bank:Amex

2025-01-01 * "SP LAKSHMI STORES UK    DERBYSHIRE"
        Expenses:Groceries        40.69 GBP
        Assets:Bank:Amex

2025-01-01 * "UBER TRIP               HTTPS://HELP.UB"
        Expenses:Transport        14.97 GBP
        Assets:Bank:Amex

2025-01-01 * "UBER TRIP               HTTPS://HELP.UB"
        Expenses:Transport        28.92 GBP
        Assets:Bank:Amex

2025-01-01 * "AMZNMKTPLACE*ZT9870Z44  AMAZON.CO.UK"
        Expenses:Utilities        2.99 GBP
        Assets:Bank:Amex

2025-01-01 * "NEXT ONLINE NEXT APPLEP UNITED KINGDOM"
        Expenses:Utilities        -86.95 GBP
        Assets:Bank:Amex

2025-01-01 * "DELIVEROO               LONDON"
        Expenses:Entertainment        17.79 GBP
        Assets:Bank:Amex

2025-01-01 * "NEXT ONLINE NEXT APPLEP UNITED KINGDOM"
        Expenses:Utilities        -79.00 GBP
        Assets:Bank:Amex

2025-01-01 * "NEXT ONLINE NEXT APPLEP UNITED KINGDOM"
        Expenses:Utilities        -76.00 GBP
        Assets:Bank:Amex

2025-01-01 * "NEXT ONLINE NEXT APPLEP UNITED KINGDOM"
        Expenses:Utilities        -55.00 GBP
        Assets:Bank:Amex

2025-01-01 * "NEXT ONLINE NEXT APPLEP UNITED KINGDOM"
        Expenses:Utilities        -49.00 GBP
        Assets:Bank:Amex

2025-01-01 * "NEXT ONLINE NEXT APPLEP UNITED KINGDOM"
        Expenses:Utilities        -42.50 GBP
        Assets:Bank:Amex

2025-01-01 * "WIKIPEDIA GIFT          SAN FRANCISCO"
        Expenses:Donations        3.10 GBP
        Assets:Bank:Amex

2025-01-01 * "AMZNMKTPLACE*RK5ZA1QM4  AMAZON.CO.UK"
        Expenses:Utilities        15.99 GBP
        Assets:Bank:Amex

2025-01-01 * "DELIVEROO               LONDON"
        Expenses:Entertainment        24.91 GBP
        Assets:Bank:Amex

2025-01-01 * "DELIVEROO               LONDON"
        Expenses:Entertainment        37.59 GBP
        Assets:Bank:Amex

